<?xml version="1.0" encoding="UTF-8"?><collection xmlns="http://www.loc.gov/MARC21/slim"><record><leader>00368nam--2200157-i-4500</leader><controlfield tag="001">000002039</controlfield><controlfield tag="002">20161230</controlfield><controlfield tag="005">20170211161647</controlfield><controlfield tag="008">060222s1000------------r-----000-0-eng-d</controlfield><datafield ind1=" " ind2=" " tag="080"><subfield code="a">669</subfield></datafield><datafield ind1=" " ind2=" " tag="100"><subfield code="a">Gladilin, A. N</subfield></datafield><datafield ind1=" " ind2=" " tag="245"><subfield code="a">Tehnologia metalelor</subfield></datafield><datafield ind1=" " ind2=" " tag="260"><subfield code="a">Bucuresti</subfield><subfield code="b">Editura Tehnica</subfield><subfield code="c">1954</subfield></datafield><datafield ind1=" " ind2=" " tag="300"><subfield code="a">791 p</subfield></datafield><datafield ind1=" " ind2=" " tag="852"><subfield code="a">26780</subfield></datafield><datafield ind1=" " ind2=" " tag="CAT"><subfield code="a">SYS</subfield><subfield code="c">20170211</subfield><subfield code="h">161647</subfield></datafield></record></collection>